@ARTICLE{9802898,
  author={Wu, Jiashu and Xiong, Jingpan and Dai, Hao and Wang, Yang and Xu, Chengzhong},
  journal={Tsinghua Science and Technology}, 
  title={MIX-RS: A Multi-Indexing System Based on HDFS for Remote Sensing Data Storage}, 
  year={2022},
  volume={27},
  number={6},
  pages={881-893},
  doi={10.26599/TST.2021.9010082}}
