@article{10082914,
  author={Wu, Jiashu and Wang, Yang and Dai, Hao and Xu, Chengzhong and Kent, Kenneth B.},
  journal={IEEE Internet of Things Journal}, 
  title={Adaptive Bi-Recommendation and Self-Improving Network for Heterogeneous Domain Adaptation-Assisted IoT Intrusion Detection}, 
  year={2023},
  volume={},
  number={},
  pages={1-1},
  doi={10.1109/JIOT.2023.3262458}
}
